<record><leader>00000cas a22000007a 4500</leader><controlfield tag="001">11781350</controlfield><controlfield tag="008">850308d18911896utuwr ne      0    0eng d</controlfield><datafield ind1=" " ind2=" " tag="010"><subfield code="a">sn 85058041 </subfield></datafield><datafield ind1=" " ind2=" " tag="040"><subfield code="a">UNP</subfield><subfield code="b">eng</subfield><subfield code="c">UNP</subfield><subfield code="d">NJW</subfield><subfield code="d">OCLCQ</subfield></datafield><datafield ind1=" " ind2=" " tag="042"><subfield code="a">msc</subfield></datafield><datafield ind1="0" ind2=" " tag="130"><subfield code="a">Utonian (Beaver, Utah)</subfield></datafield><datafield ind1="1" ind2="4" tag="245"><subfield code="a">The Utonian.</subfield></datafield><datafield ind1="3" ind2="0" tag="246"><subfield code="a">Beaver Utonian</subfield></datafield><datafield ind1=" " ind2=" " tag="260"><subfield code="a">Beaver, Utah :</subfield><subfield code="b">F.R. Clayton,</subfield><subfield code="c">1891-</subfield></datafield><datafield ind1=" " ind2=" " tag="300"><subfield code="a">v.</subfield></datafield><datafield ind1=" " ind2=" " tag="310"><subfield code="a">Weekly,</subfield><subfield code="b">&lt;1893&gt; &lt;1896&gt;</subfield></datafield><datafield ind1=" " ind2=" " tag="321"><subfield code="a">Semiweekly,</subfield><subfield code="b">&lt;1891&gt; &lt;1895&gt;</subfield></datafield><datafield ind1="0" ind2=" " tag="362"><subfield code="a">Vol. 11, no. 1 (Jan. 6, 1891)-</subfield></datafield><datafield ind1="1" ind2=" " tag="362"><subfield code="a">Ceased in 1896.</subfield><subfield code="z">Cf. Alter, J.C. Early Utah journalism.</subfield></datafield><datafield ind1=" " ind2=" " tag="500"><subfield code="a">Also issued as: Beaver Utonian, &lt;Jan. 6-July 21, 1891&gt;.</subfield></datafield><datafield ind1=" " ind2=" " tag="752"><subfield code="a">United States</subfield><subfield code="b">Utah</subfield><subfield code="c">Beaver</subfield><subfield code="d">Beaver.</subfield></datafield><datafield ind1="0" ind2="0" tag="780"><subfield code="t">Southern Utonian</subfield><subfield code="w">(DLC)sn 85058039</subfield><subfield code="w">(OCoLC)11781327</subfield></datafield><datafield ind1="0" ind2="0" tag="785"><subfield code="t">Beaver County news (Milford, Utah : 1896)</subfield><subfield code="w">(DLC)sn 85058040</subfield><subfield code="w">(OCoLC)11781385</subfield></datafield></record>